% Para referencias de matemáticas

@book{spivak,
  author         = {Spivak, Michael},
  editor         = {},
  publisher      = {Reverté},
  title          = {Calculus},
  year           = {1984},
  keywords       = {mate, calculo} 
}

@book{royden,
  author         = {Royden, Halsey and Fitzpatrick, Patrick},
  editor         = {},
  publisher      = {Pearson},
  title          = {Real Analysis},
  year           = {2010},
  edition        = {5},
  keywords       = {mate, analisis, medida}
}