@book{gratzer,
  author         = {Grätzer, George},
  publisher      = {Birkhäuser},
  title          = {Math into \LaTeX},
  year           = {2000},
  edition        = {3},
  keywords        = {latex}
}

@article{knuthtypo,
  author          = {Knuth, Donald Ervin},
  journal         = {Bulletin of the American Mathematical Society},
  number          = {2},
  title           = {Mathematical Typography},
  volume          = {1},
  year            = {1979},
  keywords         = {latex, tex, metafont}
}

@book{knuthtb,
  author         = {Knuth, Donald Ervin},
  editor         = {},
  publisher      = {Addison-Wesley},
  title          = {The \TeX book},
  year           = {1977}
}

@book{lamport,
  author         = {Lamport, Leslie},
  editor         = {},
  publisher      = {Addison-Wesley},
  title          = {\LaTeX: A Document Preparation System},
  year           = {1994},
  edition        = {2},
  keywords       = {latex}
}

@book{nuestrasnotas,
  author         = {Becerra, Jimena and Carmona, Joseph and López, Ernesto and Villaseñor, Erick},
  editor         = {Rosell, Pablo},
  publisher      = {Instituto de Matemáticas, UNAM},
  title          = {Súper notas de \LaTeX\ y otras cosas},
  year           = {2024},
  keywords       = {tex, latex}
}

%%%%%%%%%%%%%%%%

@online{biblatex,
  author = {Kime, Philip and Lehman, Philipp and Wemheuer, Moritz},
  title = {The biblatex package},
  url = {https://ctan.org/pkg/biblatex},
  addendum = {\miaddendum{Usar \texttt{biblatex} ofrece varias ventajas: el formato de las referencias se genera automáticamente según el estilo que se elija; el archivo \texttt{.bbl} que crea \LaTeX\ se puede usar después para exportar la bibliografía a html, etc.}},
  keywords = {doc}
}

@online{geometry,
  author = {Umeki, Hideo},
  title = {The geometry package},
  url = {https://ctan.org/pkg/geometry},
  addendum = {\miaddendum{Lo que sea}},
  keywords = {doc}
}

@online{fancyhdr,
  author = {van Oostrum, Pieter},
  title = {The fancyhdr and extramarks packages},
  url = {https://ctan.org/pkg/fancyhdr},
  keywords = {doc}
}

@online{mathtools,
  author = {Høgholm, Morten and Madsen, Lars},
  title = {The mathtools package},
  url = {https://ctan.org/pkg/mathtools},
  keywords = {doc}
}

@online{ntheorem,
  author = {May, Wolfgang and Schedler, Andreas},
  title = {An Extension of the \LaTeX-Theorem Evironment},
  url = {https://ctan.org/pkg/ntheorem},
  keywords = {doc}
}

@online{csquotes,
  author = {Lehman, Philipp and Wright, Joseph},
  title = {The csquotes Package},
  url = {https://ctan.org/pkg/csquotes},
  keywords = {doc}
}

@online{babel,
  author = {Bezos, Javier and Braams, Johannes L.},
  title = {Babel. Localization and internationalization},
  url = {https://ctan.org/pkg/babel},
  keywords = {doc}
}

@online{babelbezos,
  author = {Bezos, Javier},
  title = {Estilo spanish para el sistema babel},
  url = {https://ctan.org/pkg/babel-spanish},
  keywords = {doc}
}

@online{booktabs,
  author = {Fear, Simon},
  title = {Publication quality tables in \LaTeX},
  url = {https://ctan.org/pkg/booktabs},
  keywords = {doc}
}

@online{enumitem,
  author = {Bezos, Javier},
  title = {Customizing lists with the enumitem package},
  url = {https://ctan.org/pkg/enumitem},
  keywords = {doc}
}

%% Faltan hyperref, imakeidx, float, ¿mdframed?, 